@article{article:,
  author = "",
  title = "{}",
  journal = "",
  year = "",
  url = ""}

@article{article:Higgs_boson,
  author = "ATLAS Collaboration",
  title = "{Observation of a new particle in the search for the Standard Model Higgs boson with the ATLAS detector at the LHC}",
  journal = "Phys. Lett. B, Vol. 716, pp. 1–29",
  year = "2012",
  url = ""}

@article{article:elementary_particles,
  author = "Quantum Diaries",
  title = "{The Standard Model: a beautiful but flawed theory}",
  journal = "",
  year = "Accessed on 01/06/2023",
  url = "https://www.quantumdiaries.org/2014/03/14/the-standard-model-a-beautiful-"}



@article{article:akatsuka-mron,
  author = "赤塚 駿一",
  title = "{LHC-ATLAS実験Run-3に向けたミューオントリガーの改良}",
  journal = "京都大学 修士学位論文",
  year = "2017",
  url = "https://www-he.scphys.kyoto-u.ac.jp/theses/master/akatsuka_mt.pdf"}

@article{article:shiomi-mron,
  author = "塩見 崇宏",
  title = "{LHC-ATLAS実験における第三期運転に向けた初段ミューオントリガーアルゴリズムの開発}",
  journal = "神戸大学 修士学位論文",
  year = "2021",
  url = "https://ppwww.phys.sci.kobe-u.ac.jp/seminar/pdf/Shiomi_mron.pdf"}

@article{article:kido-mron,
  author = "木戸　将吾",
  title = "{ATLAS実験Run2におけるレベル1ミューオントリガーの性能評価及び最適化の研究}",
  journal = "神戸大学 修士学位論文",
  year = "2016",
  url = "https://ppwww.phys.sci.kobe-u.ac.jp/seminar/pdf/Kido_thesis.pdf"}




